@article{Bhringer2016,
  doi       = {10.1257/pol.20130327},
  url       = {https://doi.org/10.1257/pol.20130327},
  year      = {2016},
  month     = feb,
  publisher = {American Economic Association},
  volume    = {8},
  number    = {1},
  pages     = {28--51},
  author    = {Christoph B\"{o}hringer and Jared C. Carbone and Thomas F. Rutherford},
  title     = {The Strategic Value of Carbon Tariffs},
  journal   = {American Economic Journal: Economic Policy}
}
