@misc{Schnabel2020,
  author = {Schnabel, Isabel},
  title  = {The shadow of fiscal dominance: Misconceptions, perceptions and perspectives},
  year   = {2020},
  month  = {9},
  note   = {Speech by Isabel Schnabel, Member of the Executive Board of the ECB, at the Centre for European Reform and the Eurofi Financial Forum on “Is the current ECB monetary policy doing more harm than good and what are the alternatives?”},
  url    = {https://www.ecb.europa.eu/press/key/date/2020/html/ecb.sp200911~ea32bd8bb3.en.html}
}

@techreport{WEO2020,
  title  = {World Economic Outlook, October 2020: A Long and Difficult Ascent},
  year   = {2020},
  month  = {10},
  author = {IMF},
  url    = {https://www.imf.org/en/Publications/WEO/Issues/2020/09/30/world-economic-outlook-october-2020}
}