% Encoding: UTF-8

@Article{,
}

@Article{Miller2000,
  author    = {J. A. Miller},
  journal   = {French Historical Studies},
  title     = {Economic Ideologies, 1750-1800: The Creation of the Modern Political Economy?},
  year      = {2000},
  month     = {jul},
  number    = {3},
  pages     = {497--511},
  volume    = {23},
  doi       = {10.1215/00161071-23-3-497},
  publisher = {Duke University Press},
}

@Article{Charles2003,
  author    = {Lo√Øc Charles},
  journal   = {The European Journal of the History of Economic Thought},
  title     = {The visual history of the Tableau {\'{E}}conomique},
  year      = {2003},
  month     = {dec},
  number    = {4},
  pages     = {527--550},
  volume    = {10},
  doi       = {10.1080/0967256032000137702},
  publisher = {Informa {UK} Limited},
}

@Article{Tribe2006,
  author    = {K. Tribe},
  journal   = {History of European Ideas},
  title     = {Reading trade in the wealth of nations},
  year      = {2006},
  month     = {mar},
  number    = {1},
  pages     = {58--79},
  volume    = {32},
  doi       = {10.1016/j.histeuroideas.2005.05.002},
  publisher = {Informa {UK} Limited},
}

@Article{BOLDYREV2020,
  author     = {Ivan Boldyrev and Till Duppe},
  journal    = {The British Journal for the History of Science},
  title      = {Programming the {USSR}: Leonid V. Kantorovich in context},
  year       = {2020},
  month      = {apr},
  number     = {2},
  pages      = {255--278},
  volume     = {53},
  doi        = {10.1017/s0007087420000059},
  keywords   = {read},
  publisher  = {Cambridge University Press ({CUP})},
  readstatus = {read},
}

@Article{Boldyrev2014,
  author     = {I. Boldyrev and O. Kirtchik},
  journal    = {History of Political Economy},
  title      = {General Equilibrium Theory behind the Iron Curtain: The Case of Victor Polterovich},
  year       = {2014},
  month      = {sep},
  number     = {3},
  pages      = {435--461},
  volume     = {46},
  doi        = {10.1215/00182702-2796221},
  keywords   = {read},
  publisher  = {Duke University Press},
  readstatus = {read},
}

@Comment{jabref-meta: databaseType:bibtex;}
