% Encoding: UTF-8

@article{Ploeg2020,
  author    = {Frederick van der Ploeg and Armon Rezai},
  journal   = {Journal of Environmental Economics and Management},
  title     = {The risk of policy tipping and stranded carbon assets},
  year      = {2020},
  month     = {mar},
  pages     = {102258},
  volume    = {100},
  doi       = {10.1016/j.jeem.2019.102258},
  publisher = {Elsevier {BV}}
}

@article{Ploeg2020a,
  author    = {Frederick van der Ploeg and Armon Rezai},
  journal   = {Annual Review of Resource Economics},
  title     = {Stranded Assets in the Transition to a Carbon-Free Economy},
  year      = {2020},
  month     = {oct},
  number    = {1},
  pages     = {281--298},
  volume    = {12},
  doi       = {10.1146/annurev-resource-110519-040938},
  publisher = {Annual Reviews}
}

@article{Ploeg2020b,
  author    = {Frederick van der Ploeg},
  journal   = {European Journal of Political Economy},
  title     = {Race to burn the last ton of carbon and the risk of stranded assets},
  year      = {2020},
  month     = {sep},
  pages     = {101915},
  volume    = {64},
  doi       = {10.1016/j.ejpoleco.2020.101915},
  publisher = {Elsevier {BV}}
}

@phdthesis{Barnett2019,
  author    = {Barnett, Michael Duglas},
  title     = {A Run on Oil: Climate Policy, Stranded Assets, and Asset Prices},
  year      = {2019},
  doi       = {10.6082/UCHICAGO.1908},
  keywords  = {Finance, Economics},
  language  = {en},
  publisher = {The University of Chicago}
}

@article{Ju2006,
  author    = {Yuan Ju and Peter Borm and Pieter Ruys},
  journal   = {Social Choice and Welfare},
  title     = {The consensus value: a new solution concept for cooperative games},
  year      = {2006},
  month     = {sep},
  number    = {4},
  pages     = {685--703},
  volume    = {28},
  doi       = {10.1007/s00355-006-0192-1},
  publisher = {Springer Science and Business Media {LLC}}
}

@article{MacDougall2015,
  author    = {Andrew H. MacDougall and Pierre Friedlingstein},
  journal   = {Journal of Climate},
  title     = {The Origin and Limits of the Near Proportionality between Climate Warming and Cumulative {CO}2 Emissions},
  year      = {2015},
  month     = {may},
  number    = {10},
  pages     = {4217--4230},
  volume    = {28},
  doi       = {10.1175/jcli-d-14-00036.1},
  publisher = {American Meteorological Society}
}

@misc{Burck2020,
  author       = {Jan Burck, Ursula Hagen, Niklas HÃ¶hne, Leonardo Nascimento, Christoph Bals},
  howpublished = {https://ccpi.org/download/the-climate-change-performance-index-2021/},
  month        = dec,
  title        = {Climate Change Performance Index 2021},
  year         = {2020}
}

@article{Clemhout1979,
  doi       = {10.1007/bf00933323},
  url       = {https://doi.org/10.1007/bf00933323},
  year      = {1979},
  month     = jan,
  publisher = {Springer Science and Business Media {LLC}},
  volume    = {27},
  number    = {1},
  pages     = {7--30},
  author    = {S. Clemhout and H. Y. Wan},
  title     = {Interactive economic dynamics and differential games},
  journal   = {Journal of Optimization Theory and Applications}
}

@article{Ballew2019,
  doi       = {10.1080/00139157.2019.1589300},
  url       = {https://doi.org/10.1080/00139157.2019.1589300},
  year      = {2019},
  month     = apr,
  publisher = {Informa {UK} Limited},
  volume    = {61},
  number    = {3},
  pages     = {4--18},
  author    = {Matthew T. Ballew and Anthony Leiserowitz and Connie Roser-Renouf and Seth A. Rosenthal and John E. Kotcher and Jennifer R. Marlon and Erik Lyon and Matthew H. Goldberg and Edward W. Maibach},
  title     = {Climate Change in the American Mind: Data,  Tools,  and Trends},
  journal   = {Environment: Science and Policy for Sustainable Development}
}

@Comment{jabref-meta: databaseType:bibtex;}
