@article{borm,
  author   = {van den Nouweland, Anne and Borm, Peter},
  title    = {{On the Convexity of Communication Games}},
  journal  = {International Journal of Game Theory},
  year     = 1991,
  volume   = {19},
  number   = {4},
  pages    = {421-430},
  month    = {},
  keywords = {},
  doi      = {},
  abstract = {No abstract is available for this item.},
  url      = {https://ideas.repec.org/a/spr/jogath/v19y1991i4p421-30.html}
}