@article{Battaglini2016,
  doi       = {10.1086/684478},
  url       = {https://doi.org/10.1086/684478},
  year      = {2016},
  month     = feb,
  publisher = {University of Chicago Press},
  volume    = {124},
  number    = {1},
  pages     = {160--204},
  author    = {Marco Battaglini and B{\aa}rd Harstad},
  title     = {Participation and Duration of Environmental Agreements},
  journal   = {Journal of Political Economy}
}

@article{EspnolaArredondo2011,
  doi       = {10.1177/0951629810391073},
  url       = {https://doi.org/10.1177/0951629810391073},
  year      = {2011},
  month     = jan,
  publisher = {{SAGE} Publications},
  volume    = {23},
  number    = {1},
  pages     = {111--134},
  author    = {Espínola-Arredondo, Ana and Muñoz-García, Félix},
  title     = {Free-riding in international environmental agreements: A signaling approach to non-enforceable treaties},
  journal   = {Journal of Theoretical Politics}
}

@article{Harstad2012,
  doi       = {10.2139/ssrn.1635336},
  url       = {https://doi.org/10.2139/ssrn.1635336},
  year      = {2012},
  publisher = {Elsevier {BV}},
  author    = {B{\aa}rd Harstad},
  title     = {Climate Contracts: A Game of Emissions,  Investments,  Negotiations,  and Renegotiations},
  journal   = {{SSRN} Electronic Journal}
}

@incollection{Barrett2005,
  doi       = {10.1016/s1574-0099(05)03028-7},
  url       = {https://doi.org/10.1016/s1574-0099(05)03028-7},
  year      = {2005},
  publisher = {Elsevier},
  pages     = {1457--1516},
  author    = {Scott Barrett},
  title     = {Chapter 28 The theory of international environmental agreements},
  booktitle = {Economywide and International Environmental Issues}
}

@article{Maskin1988,
  doi       = {10.2307/1911701},
  url       = {https://doi.org/10.2307/1911701},
  year      = {1988},
  month     = may,
  publisher = {{JSTOR}},
  volume    = {56},
  number    = {3},
  pages     = {571},
  author    = {Eric Maskin and Jean Tirole},
  title     = {A Theory of Dynamic Oligopoly,  {II}: Price Competition,  Kinked Demand Curves,  and Edgeworth Cycles},
  journal   = {Econometrica}
}