% Encoding: UTF-8

@article{Chamley1986,
  author    = {Christophe Chamley},
  journal   = {Econometrica},
  title     = {Optimal Taxation of Capital Income in General Equilibrium with Infinite Lives},
  year      = {1986},
  month     = {may},
  number    = {3},
  pages     = {607},
  volume    = {54},
  doi       = {10.2307/1911310},
  publisher = {{JSTOR}}
}

@article{Ramsey1928,
  author    = {F. P. Ramsey},
  journal   = {The Economic Journal},
  title     = {A Mathematical Theory of Saving},
  year      = {1928},
  month     = {dec},
  number    = {152},
  pages     = {543},
  volume    = {38},
  doi       = {10.2307/2224098},
  publisher = {Oxford University Press ({OUP})}
}

@article{Judd1985,
  author    = {Kenneth L. Judd},
  journal   = {Journal of Public Economics},
  title     = {Redistributive taxation in a simple perfect foresight model},
  year      = {1985},
  month     = {oct},
  number    = {1},
  pages     = {59--83},
  volume    = {28},
  doi       = {10.1016/0047-2727(85)90020-9},
  publisher = {Elsevier {BV}}
}

@techreport{Atesagaoglu2020,
  title       = {Optimal Fiscal Policy in the Presence of Declining Labor Share},
  author      = {Atesagaoglu, Orhan Erem and Yazici, Hakki},
  institution = {Istanbul Bilgi University},
  year        = {2020}
}

@Comment{jabref-meta: databaseType:bibtex;}
